%!TEX root = ./hauptdatei.tex

@online{postgres-history,
title={A Brief History of PostgreSQL}, 
author={PostgreSQL},
urldate={2019-03-27},
url={https://www.postgresql.org/docs/current/static/history.html}
}

@online{postgres-about,
title={About PostgreSQL}, 
author={PostgreSQL},
urldate={2019-03-27},
url={https://www.postgresql.org/about/}
}

@online{spring-book-1,
title={Das Spring Framework – eine Einführung}, 
author={Schelter, Sebastian},
urldate={2019-03-27},
url={http://www.inf.fu-berlin.de/inst/ag-se/teaching/S-BSE/134_schelter_spring.pdf}
}

@online{swift,
title={Swift}, 
author={Apple Inc.},
urldate={2019-05-20},
url={https://www.apple.com/de/swift/}
}

@online{ssl,
title={On SSL 2 and older protocols}, 
author={GnuTLS},
urldate={2019-05-27},
url={https://www.gnutls.org/manual/html_node/On-SSL-2-and-older-protocols.html}
}

@online{react,
title={React}, 
author={Facebook Inc.},
urldate={2019-05-28},
url={https://reactjs.org}
}

%
% books
%

@Book{ct,
Title = {Industrieanlagen gehackt},
Author = {Stahl, Louis-F.},
Publisher = {c’t-Magazin},
Year = {November 2013}
}

@Book{postgres,
Title = {Beginning Databases with PostgreSQL},
Author = {Matthew, Neil and Stones, Richard},
Publisher = {Apress},
Year = {2005},
Isbn = {978-1-59059-478-0}
}

@Book{spring-book-2,
Title = {Spring 3 - Framework für die Java-Entwicklung},
Author = {Wolff, Eberhard},
Publisher = {dpunkt.verlag},
Year = {2010},
Isbn = {978-3-89864-572-0}
}

@Book{spring-book-3,
Title = {Spring REST},
Author = {Varanasi, Balaji  and Belida, Sudha},
Publisher = {Apress},
Year = {2015},
Isbn = {978-1-4842-0824-3}
}

@Book{dependency-book,
Title = {Java 9 Dependency Injection},
Author = {Patel, Nilang and Patel, Krunal},
Publisher = {Packt Publishing Ltd},
Year = {2018},
Isbn = {9781788296250}
}

@Book{websecurity-book,
Title = {Sicherheit von Webanwendungen in der Praxis},
Author = {Rohr, Matthias},
Publisher = {Springer Vieweg},
Year = {2015},
Isbn = {9783658038519}
}

@Book{client-server-book,
Title = {Masterkurs Client/Server-Programmierung mit Java},
Author = {Abts, Prof. Dr. Dietmar},
Publisher = {Springer Fachmedien Wiesbaden},
Year = {2019},
Isbn = {978-3-658-25924-2}
}
